
@book{shadish2002,
	title = {Experimental and quasi-experimental designs for generalized causal inference.},
	author = {Shadish, William R. and Cook, Thomas D. and Campbell, Donald T.},
	year = {2002},
	date = {2002},
	publisher = {Houghton, Mifflin and Company},
	series = {Experimental and quasi-experimental designs for generalized causal inference.},
	note = {Pages: xxi, 623},
	address = {Boston,  MA,  US}
}

@article{macklin2022,
	title = {What does it mean for an evaluation to be {\textquoteleft}valid{\textquoteright}? A critical synthesis of evaluation literature},
	author = {Macklin, Jennifer and Gullickson, Amy M.},
	year = {2022},
	month = {04},
	date = {2022-04},
	journal = {Evaluation and Program Planning},
	pages = {102056},
	volume = {91},
	doi = {10.1016/j.evalprogplan.2022.102056},
	url = {https://linkinghub.elsevier.com/retrieve/pii/S0149718922000106},
	langid = {en}
}
